@article{correlationVvolatility,
    author =       "Mico Loretan and William B English",
    title =        "Evaluating “correlation breakdowns” during periods of market volatility",
    year =         "2008",
    DOI =          "https://www.bis.org/publ/confer08k.pdf"
}